@book{hansen2004,
    author      = "Carl J. Hansen and Steven D. Kawaler and Virginia Trimble",
    title       = "Stellar interiors: physical principles, structure, and evolution",
    publisher   = "Springer-Verlag",
    address     = "New York",
    edition     = "2nd",
    year        = "2004",
}

@book{leblanc2010,
    author      = "Francis LeBlanc",
    title       = "An introduction to stellar astrophysics",
    publisher   = "John Wiley \& Sons Ltd",
    address     = "The Atrium, Southerngate, Chichester, West Sussex, PO19 8SQ, United Kingdom",
    edition     = "1st",
    year        = "2010",
}

@book{jardetsky1958,
    author      = "Wenceslas S. Jardetzky",
    title       = "Theories of figures of celestial bodies",
    publisher   = "Dover Publications, Inc.",
    address     = "31 East 2nd Street, Mineola, NY 11501",
    edition     = "1st",
    year        = "2005",
    note        = "This Dover edition, first published in 2005, is an unabridged republication of the work originally published in 1958 by Interscience Publishers, Inc., New York.",
}

@book{chandra1939,
    author      = "Subramanyan Chandrasekhar",
    title       = "An Introduction to the Study of Stellar Structure",
    publisher   = "University of Chicago Press.",
    address     = "Chicago, IL",
    year        = "1939",
}

@article{horedt1987,
    author      = "Georg P. Horedt",
    title       = "Topology of the Lane-Emden Equation",
    journal     = "Astronomy and Astrophysics",
    volume      = "177",
    number      = "1--2",
    pages       = "117--130",
    year        = "1987",
    month       = "May",
}

@book{horedt2004,
    author      = "Georg P. Horedt",
    title       = "Polytropes - Applications in Astrophysics and Related Fields",
    publisher   = "Kluwer Academic Publishers",
    address     = "P.O. Box 17, 3300 AA Dordrecht, the Netherlands",
    year        = "2004",
}

@misc{website:wolfram,
    author      = "Eric W. Weisstein",
    title       = "Lane-Emden Differential Equation",
    howpublished         = "\url{http://mathworld.wolfram.com/Lane-EmdenDifferentialEquation.html}",
}

@misc{website:dhillon,
    author      = "Vik Dhillon",
    title       = "PHY 213 - The Structure of Main-Sequence Stars:Solving The Lane-Emden Equation",
    howpublished         = "\url{http://www.vikdhillon.staff.shef.ac.uk/teaching/phy213/phy213_le.html}",
    year        = "2010",
    month       = "September",
}

@article{lane1870,
    author      = "Jonathan Homer Lane",
    title       = "On the Theoretical Temperature of the Sun under the Hypothesis of a Gaseous Mass Maintaining its Volume by its Internal Heat and Depending on the Laws of Gases Known to Terrestrial Experiment",
    journal     = "The American Journal of Science and Arts",
    volume      = "50",
    pages       = "57--74",
    year        = "1870",
}

@book{griffithsem,
    author      = "David J. Griffiths",
    title       = "Introduction to Electrodynamics",
    publisher   = "Pearson Education Inc.",
    address     = "Upper Saddle River, NJ 07458, USA",
    edition     = "4th",
    year        = "2013",
}

@book{griffithsqm,
    author      = "David J. Griffiths",
    title       = "Introduction to Quantum Mechanics",
    publisher   = "Pearson Education Inc.",
    address     = "Upper Saddle River, NJ 07458, USA",
    edition     = "2nd",
    year        = "2005",
}

@book{gsnm,
    author      = "Amos Gilat and Vish Subramaniam",
    title       = "Numerical Methods for Engineers and Scientists",
    publisher   = "John Wiley \& Sons, Inc.",
    address     = "111 River Street, Hoboken, NJ 07030-5774",
    edition     = "3rd",
    year        = "2014",
}

@book{nrinc,
    author      = "William H. Press and Saul A. Teukolsky and William T. Vetterling and Brian P. Flannery",
    title       = "Numerical Recipes in C",
    publisher   = "Cambridge University Press",
    address     = "40 West 20th Street, New Yor, NY 10011-4211",
    edition     = "2nd",
    year        = "1992",
}
